@book{libro1,
author="Edmundo Autor",
title="Su Libro",
year="2020",
publisher="El CÃ¡ctus",
}
